@book{Awodey11,
  title={Category Theory},
  author={Steve Awodey},
  edition={2nd},
  isbn={9780199237180},
  series={Oxford Logic Guides},
  year={2011},
  publisher={Oxford University Press}
}